% Encoding: UTF-8

@Book{hall2015,
  title     = {{Lie Groups, Lie Algebras, and Representations: An Elementary Introduction}},
  publisher = {Springer International Publishing},
  year      = {2015},
  author    = {Brian C. Hall},
  volume    = {222},
  series    = {Graduate Texts in Mathematics},
  edition   = {2nd},
  isbn      = {9783319134666},
  doi       = {10.1007/978-3-319-13467-3},
}

@Article{SLHA,
  author        = {Peter Z. Skands and others},
  title         = {SUSY Les Houches accord: Interfacing SUSY spectrum calculators, decay packages, and event generators},
  journal       = {JHEP},
  year          = {2004},
  volume        = {07},
  pages         = {036},
  note          = {Updated in Nov.~2009 (v4)},
  archiveprefix = {arXiv},
  doi           = {10.1088/1126-6708/2004/07/036},
  eprint        = {hep-ph/0311123},
  reportnumber  = {LU-TP-03-39, SHEP-03-24, CERN-TH-2003-204, ZU-TH-15-03, LMU-19-03, DCPT-03-108, IPPP-03-54, CTS-IISC-2003-07, DESY-03-166, MPP-2003-111},
}

@Collapse{LOOPTOOLS,
  targets = {Hahn:1998yk,looptoolsweb},
}

@Article{Dreiner:2008tw,
  author        = {Dreiner, Herbi K. and Haber, Howard E. and Martin, Stephen P.},
  title         = {{Two-component spinor techniques and Feynman rules for quantum field theory and supersymmetry}},
  journal       = {Phys. Rept.},
  year          = {2010},
  volume        = {494},
  pages         = {1-196},
  archiveprefix = {arXiv},
  doi           = {10.1016/j.physrep.2010.05.002},
  eprint        = {0812.1594},
  primaryclass  = {hep-ph},
  reportnumber  = {BN-TH-2008-12, SCIPP-08-08, FERMILAB-PUB-09-855-T},
  slaccitation  = {%%CITATION = ARXIV:0812.1594;%%},
}

@incollection{Martin:1997ns,
  author        = {Martin, Stephen P.},
  title         = {{A Supersymmetry primer}},
  editor        = {Kane, Gordon L},
  booktitle     = {Perspectives on Supersymmetry II},
  publisher     = {World Scientific},
  chapter       = {1},
  doi           = {10.1142/9789814307505_0001},
  pages         = {1-153},
  year          = {2010},
  note          = {Previously \href{https://doi.org/10.1142/9789812839657_0001}{published} in \emph{Perspectives on Supersymmetry}, World Scientific, 1998.}
}

@Article{Covi:2009bk,
  author        = {Covi, Laura and Hasenkamp, Jasper and Pokorski, Stefan and Roberts, Jonathan},
  title         = {{Gravitino Dark Matter and general neutralino NLSP}},
  journal       = {JHEP},
  year          = {2009},
  volume        = {11},
  pages         = {003},
  archiveprefix = {arXiv},
  doi           = {10.1088/1126-6708/2009/11/003},
  eprint        = {0908.3399},
  primaryclass  = {hep-ph},
  reportnumber  = {DESY-09-062},
  slaccitation  = {%%CITATION = ARXIV:0908.3399;%%},
}

@Article{Cannoni:2016hro,
  author        = {Cannoni, Mirco},
  title         = {{Lorentz invariant relative velocity and relativistic binary collisions}},
  journal       = {Int. J. Mod. Phys.},
  year          = {2017},
  volume        = {A32},
  number        = {02n03},
  pages         = {1730002},
  archiveprefix = {arXiv},
  doi           = {10.1142/S0217751X17300022},
  eprint        = {1605.00569},
  primaryclass  = {hep-ph},
  slaccitation  = {%%CITATION = ARXIV:1605.00569;%%},
}

@Article{Hahn:1998yk,
  author        = {Hahn, T. and Perez-Victoria, M.},
  title         = {{Automatized one loop calculations in four-dimensions and D-dimensions}},
  journal       = {Comput. Phys. Commun.},
  year          = {1999},
  volume        = {118},
  pages         = {153-165},
  archiveprefix = {arXiv},
  doi           = {10.1016/S0010-4655(98)00173-8},
  eprint        = {hep-ph/9807565},
  primaryclass  = {hep-ph},
  reportnumber  = {UG-FT-87-98, KA-TP-7-1998},
  slaccitation  = {%%CITATION = HEP-PH/9807565;%%},
}

@Misc{looptoolsweb,
  author = {Thomas Hahn},
  title  = {{The LoopTools Visitor Center}},
  url    = {http://www.feynarts.de/looptools/},
}

@Misc{romaoAQFT,
  author        = {Rom\~ao, Jorge C.},
  title         = {{Advanced Quantum Field Theory}},
  note          = {Available online at \url{http://porthos.tecnico.ulisboa.pt/Public/textos/tca.pdf}.},
}

@Article{CabralRosetti:1998sp,
  author        = {Cabral-Rosetti, Luis G. and Sanchis-Lozano, Miguel A.},
  title         = {{Generalized hypergeometric functions and the evaluation of scalar one loop integrals in Feynman diagrams}},
  journal       = {J. Comput. Appl. Math.},
  year          = {2000},
  volume        = {115},
  pages         = {93-99},
  archiveprefix = {arXiv},
  booktitle     = {{International Congress on Computational and Applied Mathematics (ICCAM 98) Leuven, Belgium, July 27-August 1, 1998}},
  doi           = {10.1016/S0377-0427(99)00121-1},
  eprint        = {hep-ph/9809213},
  primaryclass  = {hep-ph},
  reportnumber  = {FTUV-98-67, IFIC-98-68},
  slaccitation  = {%%CITATION = HEP-PH/9809213;%%},
}

@Article{Passarino:1978jh,
  author        = {Passarino, G. and Veltman, M. J. G.},
  title         = {{One Loop Corrections for e$^+$ e$^-$ Annihilation Into $\mu^+$ $\mu^-$ in the Weinberg Model}},
  journal       = {Nucl. Phys.},
  year          = {1979},
  volume        = {B160},
  pages         = {151-207},
  doi           = {10.1016/0550-3213(79)90234-7},
  reportnumber  = {Print-79-0284 (UTRECHT)},
  slaccitation  = {%%CITATION = NUPHA,B160,151;%%},
}

@Comment{jabref-meta: databaseType:bibtex;}
